<?xml version="1.0" encoding="UTF-8"?><record xmlns="http://www.loc.gov/MARC21/slim" xmlns:cinclude="http://apache.org/cocoon/include/1.0" xmlns:zs="http://www.loc.gov/zing/srw/">
  <leader>00621cz  a2200121n  4500</leader>
  <controlfield tag="001">n 2010017248</controlfield>
  <controlfield tag="003">DLC</controlfield>
  <controlfield tag="005">20100323075016.0</controlfield>
  <controlfield tag="008">100322n| acannaabn          |n ana      </controlfield>
  <datafield tag="010" ind1=" " ind2=" ">
    <subfield code="a">n 2010017248</subfield>
  </datafield>
  <datafield tag="040" ind1=" " ind2=" ">
    <subfield code="a">DLC</subfield>
    <subfield code="b">eng</subfield>
    <subfield code="c">DLC</subfield>
  </datafield>
  <datafield tag="110" ind1="2" ind2=" ">
    <subfield code="a">Art in a Box, Inc.</subfield>
  </datafield>
  <datafield tag="670" ind1=" " ind2=" ">
    <subfield code="a">Painting our lives, c2008:</subfield>
    <subfield code="b">t.p. (Art in a Box, Inc.) t.p. verso (partners with communities around the world that are in need, disadvantaged by poverty, or facing crisis situations due to war, public health emergencies, or natural disasters, and assists in recovery and empowerment through art and art education; a 505(c)(3) tax-exempt, non-profit organization)</subfield>
  </datafield>
</record>